@article{Low:2017jb,
author = {Low, Hamish and Meghir, Costas},
title = {{The Use of Structural Models in Econometrics}},
journal = {Journal of Economic Perspectives},
year = {2017},
volume = {31},
number = {2},
pages = {33--58},
month = may
}

@article{Rey:1995ft,
author = {Rey, Patrick and Stiglitz, Joseph},
title = {{The Role of Exclusive Territories in Producers' Competition}},
journal = {The RAND Journal of Economics},
year = {1995},
volume = {26},
number = {3},
pages = {431--451},
month = oct
}

@article{Lewbel:2016wn,
author = {Lewbel, A},
title = {{The Identification Zoo-Meanings of Identification in Econometrics}},
journal = {Forthcoming on Journal of Economic Literature},
year = {2016}
}

@article{Dekel:2010bm,
author = {Dekel, E and Lipman, B L},
title = {{How (not) to do decision theory}},
journal = {Annu Rev Econ},
year = {2010},
volume = {2},
number = {1},
pages = {257--282}
}

@article{Kiyotaki:2011fc,
author = {Kiyotaki, N},
title = {{A mechanism design approach to financial frictions}},
journal = {manuscript},
year = {2011}
}

@article{Gale:1962kl,
author = {Gale, D and Shapley, L S},
title = {{College Admissions and the Stability of Marriage}},
journal = {The American Mathematical Monthly},
year = {1962},
volume = {69},
number = {1},
pages = {9--15},
month = jan
}
